<?xml version="1.0" encoding="UTF-8"?><collection xmlns="http://www.loc.gov/MARC21/slim"><record><leader>00503nam--2200181-i-4500</leader><controlfield tag="001">000005368</controlfield><controlfield tag="002">20161230</controlfield><controlfield tag="005">20170219234639</controlfield><controlfield tag="008">060222s1000------------r-----000-0-eng-d</controlfield><datafield ind1=" " ind2=" " tag="040"><subfield code="a">IFIN-HH</subfield></datafield><datafield ind1=" " ind2=" " tag="080"><subfield code="a">539.143</subfield></datafield><datafield ind1="1" ind2=" " tag="100"><subfield code="a">Saha, A. K</subfield></datafield><datafield ind1="1" ind2="0" tag="245"><subfield code="a">Theory and applications of nuclear induction</subfield><subfield code="c">A. K. Saha, T. P. Das</subfield></datafield><datafield ind1=" " ind2=" " tag="260"><subfield code="a">Calcutta, India</subfield><subfield code="b">Saha Institute Of Nuclear Physics</subfield><subfield code="c">1957</subfield></datafield><datafield ind1=" " ind2=" " tag="300"><subfield code="a">X+516 p</subfield></datafield><datafield ind1="1" ind2=" " tag="700"><subfield code="a">Das, T. P</subfield></datafield><datafield ind1=" " ind2=" " tag="852"><subfield code="a">13600</subfield><subfield code="c">539.143.43</subfield></datafield><datafield ind1=" " ind2=" " tag="CAT"><subfield code="a">SYS</subfield><subfield code="c">20170219</subfield><subfield code="h">234639</subfield></datafield></record></collection>